@online{light-sterile-neutrino-whitepaper,
Author = {K. N. Abazajian and M. A. Acero and S. K. Agarwalla and A. A. Aguilar-Arevalo and C. H. Albright and S. Antusch and C. A. Arguelles and A. B. Balantekin and G. Barenboim and V. Barger and P. Bernardini and F. Bezrukov and O. E. Bjaelde and S. A. Bogacz and N. S. Bowden and A. Boyarsky and A. Bravar and D. Bravo Berguno and S. J. Brice and A. D. Bross and B. Caccianiga and F. Cavanna and E. J. Chun and B. T. Cleveland and A. P. Collin and P. Coloma and J. M. Conrad and M. Cribier and A. S. Cucoanes and J. C. D'Olivo and S. Das and A. de Gouvea and A. V. Derbin and R. Dharmapalan and J. S. Diaz and X. J. Ding and Z. Djurcic and A. Donini and D. Duchesneau and H. Ejiri and S. R. Elliott and D. J. Ernst and A. Esmaili and J. J. Evans and E. Fernandez-Martinez and E. Figueroa-Feliciano and B. T. Fleming and J. A. Formaggio and D. Franco and J. Gaffiot and R. Gandhi and Y. Gao and G. T. Garvey and V. N. Gavrin and P. Ghoshal and D. Gibin and C. Giunti and S. N. Gninenko and V. V. Gorbachev and D. S. Gorbunov and R. Guenette and A. Guglielmi and F. Halzen and J. Hamann and S. Hannestad and W. Haxton and K. M. Heeger and R. Henning and P. Hernandez and P. Huber and W. Huelsnitz and A. Ianni and T. V. Ibragimova and Y. Karadzhov and G. Karagiorgi and G. Keefer and Y. D. Kim and J. Kopp and V. N. Kornoukhov and A. Kusenko and P. Kyberd and P. Langacker and Th. Lasserre and M. Laveder and A. Letourneau and D. Lhuillier and Y. F. Li and M. Lindner and J. M. Link and B. L. Littlejohn and P. Lombardi and K. Long and J. Lopez-Pavon and W. C. Louis and L. Ludhova and J. D. Lykken and P. A. N. Machado and M. Maltoni and W. A. Mann and D. Marfatia and C. Mariani and V. A. Matveev and N. E. Mavromatos and A. Melchiorri and D. Meloni and O. Mena and G. Mention and A. Merle and E. Meroni and M. Mezzetto and G. B. Mills and D. Minic and L. Miramonti and D. Mohapatra and R. N. Mohapatra and C. Montanari and Y. Mori and Th. A. Mueller and H. P. Mumm and V. Muratova and A. E. Nelson and J. S. Nico and E. Noah and J. Nowak and O. Yu. Smirnov and M. Obolensky and S. Pakvasa and O. Palamara and M. Pallavicini and S. Pascoli and L. Patrizii and Z. Pavlovic and O. L. G. Peres and H. Pessard and F. Pietropaolo and M. L. Pitt and M. Popovic and J. Pradler and G. Ranucci and H. Ray and S. Razzaque and B. Rebel and R. G. H. Robertson and W. Rodejohann and S. D. Rountree and C. Rubbia and O. Ruchayskiy and P. R. Sala and K. Scholberg and T. Schwetz and M. H. Shaevitz and M. Shaposhnikov and R. Shrock and S. Simone and M. Skorokhvatov and M. Sorel and A. Sousa and D. N. Spergel and J. Spitz and L. Stanco and I. Stancu and A. Suzuki and T. Takeuchi and I. Tamborra and J. Tang and G. Testera and X. C. Tian and A. Tonazzo and C. D. Tunnell and R. G. Van de Water and L. Verde and E. P. Veretenkin and C. Vignoli and M. Vivier and R. B. Vogelaar and M. O. Wascko and J. F. Wilkerson and W. Winter and Y. Y. Y. Wong and T. T. Yanagida and O. Yasuda and M. Yeh and F. Yermia and Z. W. Yokley and G. P. Zeller and L. Zhan and H. Zhang},
Title = {Light Sterile Neutrinos: A White Paper},
Year = {2012},
Eprint = {1204.5379},
Eprinttype = {arXiv},
}
@article{dm-kev-sterile-neutrino-whitepaper,
Author = {R. Adhikari and M. Agostini and N. Anh Ky and T. Araki and M. Archidiacono and M. Bahr and J. Baur and J. Behrens and F. Bezrukov and P. S. Bhupal Dev and D. Borah and A. Boyarsky and A. de Gouvea and C. A. de S. Pires and H. J. de Vega and A. G. Dias and P. Di Bari and Z. Djurcic and K. Dolde and H. Dorrer and M. Durero and O. Dragoun and M. Drewes and G. Drexlin and Ch. E. Düllmann and K. Eberhardt and S. Eliseev and C. Enss and N. W. Evans and A. Faessler and P. Filianin and V. Fischer and A. Fleischmann and J. A. Formaggio and J. Franse and F. M. Fraenkle and C. S. Frenk and G. Fuller and L. Gastaldo and A. Garzilli and C. Giunti and F. Glück and M. C. Goodman and M. C. Gonzalez-Garcia and D. Gorbunov and J. Hamann and V. Hannen and S. Hannestad and S. H. Hansen and C. Hassel and J. Heeck and F. Hofmann and T. Houdy and A. Huber and D. Iakubovskyi and A. Ianni and A. Ibarra and R. Jacobsson and T. Jeltema and J. Jochum and S. Kempf and T. Kieck and M. Korzeczek and V. Kornoukhov and T. Lachenmaier and M. Laine and P. Langacker and T. Lasserre and J. Lesgourgues and D. Lhuillier and Y. F. Li and W. Liao and A. W. Long and M. Maltoni and G. Mangano and N. E. Mavromatos and N. Menci and A. Merle and S. Mertens and A. Mirizzi and B. Monreal and A. Nozik and A. Neronov and V. Niro and Y. Novikov and L. Oberauer and E. Otten and N. Palanque-Delabrouille and M. Pallavicini and V. S. Pantuev and E. Papastergis and S. Parke and S. Pascoli and S. Pastor and A. Patwardhan and A. Pilaftsis and D. C. Radford and P. C. -O. Ranitzsch and O. Rest and D. J. Robinson and P. S. Rodrigues da Silva and O. Ruchayskiy and N. G. Sanchez and M. Sasaki and N. Saviano and A. Schneider and F. Schneider and T. Schwetz and S. Schönert and S. Scholl and F. Shankar and R. Shrock and N. Steinbrink and L. Strigari and F. Suekane and B. Suerfu and R. Takahashi and N. Thi Hong Van and I. Tkachev and M. Totzauer and Y. Tsai and C. G. Tully and K. Valerius and J. W. F. Valle and D. Venos and M. Viel and M. Vivier and M. Y. Wang and C. Weinheimer and K. Wendt and L. Winslow and J. Wolf and M. Wurm and Z. Xing and S. Zhou and K. Zuber},
Title = {A White Paper on keV Sterile Neutrino Dark Matter},
Year = {2016},
Eprint = {1602.04816},
Eprinttype = {arXiv},
Doi = {10.1088/1475-7516/2017/01/025},
}
@article{new-tests-for-and-bounds-on-neutrino-masses-and-lepton-mixing,
author = {Shrock, R.E.},
year = {1980},
month = {10},
pages = {159-164},
title = {New tests for and bounds on neutrino masses and lepton mixing},
volume = {96},
journal = {Physics Letters B},
doi = {10.1016/0370-2693(80)90235-X}
}
@article{role-of-sterile-neutrino-warm-dark-matter-in-rhenium-and-tritium-beta-decays,
Author = {H. J. de Vega and O. Moreno and E. Moya de Guerra and M. Ramon Medrano and N. Sanchez},
Title = {Role of Sterile Neutrino Warm Dark Matter in Rhenium and Tritium Beta Decays},
Year = {2011},
Eprint = {1109.3452},
Eprinttype = {arXiv},
Howpublished = {Nucl. Phys. B866 177-195 (2013)},
Doi = {10.1016/j.nuclphysb.2012.08.019},
}
@article{signatures-of-extra-dimensional-sterile-neutrinos,
Author = {Werner Rodejohann and He Zhang},
Title = {Signatures of Extra Dimensional Sterile Neutrinos},
Year = {2014},
Eprint = {1407.2739},
Eprinttype = {arXiv},
Howpublished = {Phys.Lett.B 737, 81 (2014)},
Doi = {10.1016/j.physletb.2014.08.035},
}
@article{sterile-neutrinos-and-right-handed-currents-in-katrin,
Author = {James Barry and Julian Heeck and Werner Rodejohann},
Title = {Sterile neutrinos and right-handed currents in KATRIN},
Year = {2014},
Eprint = {1404.5955},
Eprinttype = {arXiv},
Howpublished = {JHEP 1407, 081 (2014)},
Doi = {10.1007/JHEP07(2014)081},
}

@article{katrin-design-report-2004,
      author         = "Angrik, J. and others",
      title          = "{KATRIN design report 2004}",
      collaboration  = "KATRIN",
      year           = "2005",
      reportNumber   = "FZKA-7090",
      SLACcitation   = "%%CITATION = FZKA-7090;%%"
}

@article{current-direct-neutrino-mass-experiments,
Author = {G. Drexlin and V. Hannen and S. Mertens and C. Weinheimer},
Title = {Current Direct Neutrino Mass Experiments},
Year = {2013},
Eprint = {1307.0101},
Eprinttype = {arXiv},
Howpublished = {Advances in High Energy Physics, 2013 (2013), Article ID 293986},
Doi = {10.1155/2013/293986},
}

@article{rel-cyclotron-tritium,
Author = {Benjamin Monreal and Joseph A. Formaggio},
Title = {Relativistic Cyclotron Radiation Detection of Tritium Decay Electrons as a New Technique for Measuring the Neutrino Mass},
Year = {2009},
Eprint = {0904.2860},
Eprinttype = {arXiv},
Howpublished = {Phys.Rev.D80:051301,2009},
Doi = {10.1103/PhysRevD.80.051301},
}

@article{single-electron-detection-and-spectroscopy-via-relativistic-cyclotron-radiation,
Author = {D. M. Asner and R. F. Bradley and L. de Viveiros and P. J. Doe and J. L. Fernandes and M. Fertl and E. C. Finn and J. A. Formaggio and D. Furse and A. M. Jones and J. N. Kofron and B. H. LaRoque and M. Leber and E. L. McBride and M. L. Miller and P. Mohanmurthy and B. Monreal and N. S. Oblath and R. G. H. Robertson and L. J Rosenberg and G. Rybka and D. Rysewyk and M. G. Sternberg and J. R. Tedeschi and T. Thummler and B. A. VanDevender and N. L. Woods},
Title = {Single electron detection and spectroscopy via relativistic cyclotron radiation},
Year = {2014},
Eprint = {1408.5362},
Eprinttype = {arXiv},
Howpublished = {Phys. Rev. Lett. 114, 162501 (2015)},
Doi = {10.1103/PhysRevLett.114.162501},
}

@online{ptolemy,
Author = {S. Betts and W. R. Blanchard and R. H. Carnevale and C. Chang and C. Chen and S. Chidzik and L. Ciebiera and P. Cloessner and A. Cocco and A. Cohen and J. Dong and R. Klemmer and M. Komor and C. Gentile and B. Harrop and A. Hopkins and N. Jarosik and G. Mangano and M. Messina and B. Osherson and Y. Raitses and W. Sands and M. Schaefer and J. Taylor and C. G. Tully and R. Woolley and A. Zwicker},
Title = {Development of a Relic Neutrino Detection Experiment at PTOLEMY: Princeton Tritium Observatory for Light, Early-Universe, Massive-Neutrino Yield},
Year = {2013},
Eprint = {1307.4738},
Eprinttype = {arXiv},
}

@article{1604.04210,
Author = {S. Eliseev and K. Blaum and M. Block and S. Chenmarev and H. Dorrer and Ch. E. Duellmann and C. Enss and P. E. Filianin and L. Gastaldo and M. Goncharov and U. Koester and F. Lautenschlaeger and Yu. N. Novikov and A. Rischka and R. X. Schuessler and L. Schweikhard and A. Tuerler},
Title = {Direct Measurement of the Mass Difference of Ho163 and Dy163 Solves the Q-Value Puzzle for the Neutrino Mass Determination},
Year = {2016},
Eprint = {1604.04210},
Eprinttype = {arXiv},
Howpublished = {Phys. Rev. Lett. 115 (2015) 062501},
Doi = {10.1103/PhysRevLett.115.062501},
}

@article{0911.3329,
Author = {Joachim Kopp and Alexander Merle},
Title = {Ultra-low Q values for neutrino mass measurements},
Year = {2009},
Eprint = {0911.3329},
Eprinttype = {arXiv},
Howpublished = {Phys.Rev.C81:045501,2010},
Doi = {10.1103/PhysRevC.81.045501},
}

@article{1309.5214,
Author = {L. Gastaldo and K. Blaum and A. Doerr and Ch. E. Duellmann and K. Eberhardt and S. Eliseev and C. Enss and Amand Faessler and A. Fleischmann and S. Kempf and M. Krivoruchenko and S. Lahiri and M. Maiti and Yu. N. Novikov and P. C. -O. Ranitzsch and F. Simkovic and Z. Szusc and M. Wegner},
Title = {The Electron Capture $^{163}$Ho Experiment ECHo: an overview},
Year = {2013},
Eprint = {1309.5214},
Eprinttype = {arXiv},
Doi = {10.1007/s10909-014-1187-4},
}

@article{1412.5060,
Author = {B. Alpert and M. Balata and D. Bennett and M. Biasotti and C. Boragno and C. Brofferio and V. Ceriale and D. Corsini and P. K. Day and M. De Gerone and R. Dressler and M. Faverzani and E. Ferri and J. Fowler and F. Gatti and A. Giachero and J. Hays-Wehle and S. Heinitz and G. Hilton and U. Koester and M. Lusignoli and M. Maino and J. Mates and S. Nisi and R. Nizzolo and A. Nucciotti and G. Pessina and G. Pizzigoni and A. Puiu and S. Ragazzi and C. Reintsema and M. Ribeiro Gomes and D. Schmidt and D. Schumann and M. Sisti and D. Swetz and F. Terranova and J. Ullom},
Title = {HOLMES - The Electron Capture Decay of 163Ho to Measure the Electron Neutrino Mass with sub-eV sensitivity},
Year = {2014},
Eprint = {1412.5060},
Eprinttype = {arXiv},
Howpublished = {Eur. Phys. J. C (2015) 75:112},
Doi = {10.1140/epjc/s10052-015-3329-5},
}

@article{1005.3351,
Author = {Wei Liao},
Title = {{keV scale $\nu_R$ dark matter and its detection in $\beta$ decay experiment}},
Year = {2010},
Eprint = {1005.3351},
Eprinttype = {arXiv},
Howpublished = {Phys.Rev.D82:073001,2010},
Doi = {10.1103/PhysRevD.82.073001},
}

@article{1009.5870,
Author = {Y. F. Li and Zhi-zhong Xing},
Title = {Possible Capture of keV Sterile Neutrino Dark Matter on Radioactive beta-decaying Nuclei},
Year = {2010},
Eprint = {1009.5870},
Eprinttype = {arXiv},
Howpublished = {Phys.Lett.B695:205-210,2011},
Doi = {10.1016/j.physletb.2010.11.015},
}

@techreport{cryogenic-1,
title = {Криогенная система для эксперимента по измерению массы покоя электронного антинейтрино},
institution = {ИЯИ АН СССР},
type={preprint},
number={П‑0614},
year={1988},
address = {Москва},
author = {А.И.Белесев А.И.Блейле Е.В.Гераскин А.А.Голубев Н.А.Голубев О.В.Казаченко В.М.Лобашев Б.М.Овчинников И.Е.Ярыкин},
}

@techreport{cryogenic-2,
title = {Сверхпроводящая система спектрометра для измерения массы покоя электронного антинейтрино},
institution = {ИЯИ АН СССР},
type={preprint},
number={П‑0615},
address = {Москва},
author = {А.И.Белесев А.И.Блейле Е.В.Гераскин А.А.Голубев Н.А.Голубев О.В.Казаченко Ю.Э.Кузнецов В.М.Лобашев Б.М.Овчинников И.В.Секачев А.П.Солодухин А.И.Федосеев В.И.Парфенов И.Е.Ярыкин},
}

@phdthesis{zadorogny,
    title    = {Поиск массы нейтрино в бета-распаде трития. Система сбора данных и первичная обработка результатов.},
    school   = {ИЯИ РАН},
    author   = {Задорожный С.В.},
    address = {Москва},
    year     = {2004},
}

@online{multipart-fix,
  author = {Eric Urban},
  title = {Parser for multipart/form-data},
  year = {2013},
  url = {https://github.com/defnull/multipart/commit/1e435e0c99bfa70b27c16b3e6fd9f4c87098ca71}
}

@online{dataforge,
  title = {DataForge},
  year = {2015},
  url = {http://npm.mipt.ru/dataforge/}
}

@online{protobuf,
  title = {Protocol Buffers},
  year = {2019},
  url = {https://developers.google.com/protocol-buffers/}
}

@online{python-df-parser,
  title = {python-df-parser},
  year = {2018},
  url = {https://github.com/kapot65/python-df-parser}
}

@online{counter-redirecter,
  title = {counter-redirecter},
  year = {2017},
  url = {https://github.com/kapot65/counter-redirecter}
}

@online{python-df-tcp,
  title = {python-df-tcp},
  year = {2017},
  url = {https://github.com/kapot65/python-df-tcp}
}

@online{lan10-viewer,
  title = {lan10-viewer},
  year = {2017},
  url = {https://github.com/kapot65/lan10-viewer}
}

@online{dante-server,
  title = {dante-server},
  year = {2017},
  url = {https://bitbucket.org/Kapot/dante-server}
}

@online{lan10-processing,
  title = {lan10-processing},
  year = {2019},
  url = {https://bitbucket.org/Kapot/lan10-processing}
}

@online{signal-utils,
  title = {signal-utils},
  year = {2019},
  url = {https://github.com/kapot65/signal-utils}
}

@online{numex-position-paper,
  title = {NuMecs Position Paper},
  url = {http://p25ext.lanl.gov/∼kunde/NuMECS/}
}

@online{ccpc7,
  title = {AFI Electronics: CCPC7},
  url = {https://afi.jinr.ru/CCPC7}
}

@online{autoit,
  title = {AutoIt Scripting Language - AutoIt},
  url = {https://www.autoitscript.com/site/autoit/}
}

@online{1801.08182,
Author = {Tim Brunst and Konrad Altenmüller and Tobias Bode and Luca Bombelli and Vasiliy Chernov and Anton Huber and Marc Korzeczek and Thierry Lasserre and Peter Lechner and Susanne Mertens and Aleksander Nozik and Vladislav Pantuev and Daniel Siegmann and Aino Skasyrskaya},
Title = {Detector Development for a Sterile Neutrino Search with the KATRIN Experiment},
Year = {2018},
Eprint = {1801.08182},
Eprinttype = {arXiv},
}

@online{1810.07024,
Author = {Alexander Nozik},
Title = {Statistical time analysis for regular events with high count rate},
Year = {2018},
Eprint = {1810.07024},
Eprinttype = {arXiv},
}

@misc{wiki:Shebang_Unix,
   author = "Wikipedia",
   title = "{Shebang (Unix)} --- {W}ikipedia{,} The Free Encyclopedia",
   year = "2019",
   howpublished = {\url{http://en.wikipedia.org/w/index.php?title=Shebang\%20(Unix)&oldid=898134985}},
   note = "[Online; accessed 03-June-2019]"
 }
 
@book{jemerov2016kotlin,
  title={Kotlin in Action},
  author={Jemerov, D. and Isakova, S.},
  isbn={9781617293290},
  lccn={2017286272},
  url={https://books.google.ru/books?id=qtcIkAEACAAJ},
  year={2016},
  publisher={Manning Publications Company}
}

@ARTICLE{2015JInst..1010005A,
       author = {{Abdurashitov}, D.~N. and {Belesev}, A.~I. and {Berlev}, A.~I. and
        {Chernov}, V.~G. and {Geraskin}, E.~V. and {Golubev}, A.~A. and
        {Koroteev}, G.~A. and {Likhovid}, N.~A. and {Lokhov}, A.~A. and
        {Markin}, A.~I. and {Nozik}, A.~A. and {Parfenov}, V.~I. and
        {Skasyrskaya}, A.~K. and {Pantuev}, V.~S. and {Titov}, N.~A. and
        {Tkachev}, I.~I. and {Tkachov}, F.~V. and {Zadorozhny}, S.~V.},
        title = "{The current status of ``Troitsk nu-mass'' experiment in search for
        sterile neutrino}",
      journal = {Journal of Instrumentation},
     keywords = {Physics - Instrumentation and Detectors, High Energy Physics -
        Experiment},
         year = 2015,
        month = Oct,
       volume = {10},
          eid = {T10005},
        pages = {T10005},
          doi = {10.1088/1748-0221/10/10/T10005},
archivePrefix = {arXiv},
       eprint = {1504.00544},
 primaryClass = {physics.ins-det},
       adsurl = {https://ui.adsabs.harvard.edu/\#abs/2015JInst..1010005A},
      adsnote = {Provided by the SAO/NASA Astrophysics Data System}
}

@ARTICLE{2013NIMPA.717...21C,
   author = {{Chaplin}, V. and {Bhat}, N. and {Briggs}, M.~S. and {Connaughton}, V.
	},
    title = "{Analytical modeling of pulse-pileup distortion using the true pulse shape; applications to Fermi-GBM}",
  journal = {Nuclear Instruments and Methods in Physics Research A},
archivePrefix = "arXiv",
   eprint = {1211.6592},
 primaryClass = "astro-ph.IM",
     year = 2013,
    month = jul,
   volume = 717,
    pages = {21-36},
      doi = {10.1016/j.nima.2013.03.067},
   adsurl = {http://adsabs.harvard.edu/abs/2013NIMPA.717...21C},
  adsnote = {Provided by the SAO/NASA Astrophysics Data System}
}

@ARTICLE{2017JHEP...12..051K,
   author = {{Komiske}, P.~T. and {Metodiev}, E.~M. and {Nachman}, B. and 
	{Schwartz}, M.~D.},
    title = "{Pileup Mitigation with Machine Learning (PUMML)}",
  journal = {Journal of High Energy Physics},
archivePrefix = "arXiv",
   eprint = {1707.08600},
 primaryClass = "hep-ph",
 keywords = {Jets},
     year = 2017,
    month = dec,
   volume = 12,
      eid = {51},
    pages = {51},
      doi = {10.1007/JHEP12(2017)051},
   adsurl = {http://adsabs.harvard.edu/abs/2017JHEP...12..051K},
  adsnote = {Provided by the SAO/NASA Astrophysics Data System}
}

@article{1703.10779,
Author = {J. N. Abdurashitov and A. I. Belesev and V. G. Chernov and E. V. Geraskin and A. A. Golubev and P. V. Grigorieva and G. A. Koroteev and N. A. Likhovid and A. A. Nozik and V. S. Pantuev and V. I. Parfenov and A. K. Skasyrskaya and I. I. Tkachev and S. V. Zadorozhny},
Title = {First measeurements in search for keV-sterile neutrino in tritium beta-decay by Troitsk nu-mass experiment},
Year = {2017},
Eprint = {1703.10779},
Eprinttype = {arXiv},
Doi = {10.1134/S0021364017120013},
}

@article{SNO,
Author = {A. Bellerive and J. R. Klein and A. B. McDonald and A. J. Noble and A. W. P. Poon},
Title = {The Sudbury Neutrino Observatory},
Year = {2016},
Eprint = {arXiv:1602.02469},
Doi = {10.1016/j.nuclphysb.2016.04.035},
}

@article{SuperKamiokande,
Author = {C. W. Walter},
Title = {The Super-Kamiokande Experiment},
Year = {2008},
Eprint = {arXiv:0802.1041},
Doi = {10.1142/9789812771971_0002},
}

@misc{SeeSaw,
Author = {George F. Smoot},
Title = {See Saw Inflation / Dark Matter / Dark Energy / Baryogenesis},
Year = {2014},
Eprint = {arXiv:1405.2776},
}

@article{hep-ex/9504009,
Author = {James E. Hill},
Title = {Results from the LSND Neutrino Oscillation Search},
Year = {1995},
Eprint = {arXiv:hep-ex/9504009},
Howpublished = {Phys.Rev.Lett.75:2654-2657,1995},
Doi = {10.1103/PhysRevLett.75.2654},
}

@article{Abdurashitov2019,
  doi = {10.1134/s0020441218060143},
  url = {https://doi.org/10.1134/s0020441218060143},
  year = {2019},
  month = jan,
  publisher = {Pleiades Publishing Ltd},
  volume = {62},
  number = {1},
  pages = {5--9},
  author = {D. N. Abdurashitov and V. G. Chernov},
  title = {The Long-Term Stability of a Fused-Silica Proportional Counter},
  journal = {Instruments and Experimental Techniques}
}

@article{Chernov_2019,
	doi = {10.1088/1748-0221/14/08/t08001},
	url = {https://doi.org/10.1088%2F1748-0221%2F14%2F08%2Ft08001},
	year = 2019,
	month = {aug},
	publisher = {{IOP} Publishing},
	volume = {14},
	number = {08},
	pages = {T08001--T08001},
	author = {V. Chernov and A. Nozik},
	title = {Shape-based event pileup separation in Troitsk nu-mass experiment},
	journal = {Journal of Instrumentation},
	abstract = {Nowadays continuous signal digitization becomes a standard   procedure in experimental physics. Though, signal pileup separation   at high count rate remains a problem. The article presents   algorithms which could be used for detection and extraction of   events based on the shape of a single pulse. We also explain how   these algorithms were applied in data analysis for the “Troitsk   nu-mass” experiment.}
}